

@inproceedings{stoyle:popl05,
	Author = {Gareth Stoyle and Michael Hicks and Gavin Bierman and Peter Sewell and Iulian Neamtiu},
	Booktitle = {POPL '05: Proceedings of the 32nd ACM SIGPLAN-SIGACT Symposium on Principles of Programming Languages},
	Date-Added = {2005-06-02 11:31:35 -0700},
	Date-Modified = {2005-06-02 11:33:49 -0700},
	Pages = {183--194},
	Title = {Mutatis Mutandis: Safe and Predictable Dynamic Software Updating},
	Year = {2005}}

@article{foster:toplas05,
	Annote = {To appear
},
	Author = {Jeffrey S. Foster and Robert Johnson and John Kodumal and Alex Aiken},
	Date-Added = {2005-05-25 23:28:36 -0700},
	Date-Modified = {2005-05-25 23:30:31 -0700},
	Journal = {Transactions on Programming Languages and Systems},
	Title = {Flow-Insensitive Type Qualifiers},
	Year = {2005}}

@inproceedings{aiken:pldi03,
	Address = {San Diego, California},
	Author = {Alex Aiken and Jeffrey S. Foster and John Kodumal and Tachio Terauchi},
	Booktitle = {Proceedings of the 2003 ACM SIGPLAN Conference on Programming Language Design and Implementation},
	Date-Added = {2005-05-25 23:04:09 -0700},
	Date-Modified = {2005-05-25 23:24:04 -0700},
	Month = {June},
	Pages = {129--140},
	Title = {Checking and Inferring Local Non-Aliasing},
	Year = {2003}}

@inproceedings{kodumal:sas05,
	Annote = {To appear
},
	Author = {John Kodumal and Alex Aiken},
	Booktitle = {SAS '05: Proceedings of the 12th International Static Analysis Symposium},
	Date-Added = {2005-05-25 23:00:36 -0700},
	Date-Modified = {2005-05-25 23:31:13 -0700},
	Month = {September},
	Publisher = {London, United Kingdom},
	Title = {Banshee: A Scalable Constraint-Based Analysis Toolkit},
	Year = {2005}}

@article{steffen:scp93,
	Author = {Bernhard Steffen},
	Date-Added = {2005-05-23 15:02:59 -0700},
	Date-Modified = {2005-05-23 15:04:09 -0700},
	Journal = {Science of Computer Programming},
	Number = {2},
	Pages = {115--139},
	Title = {Generating Data Flow Analysis Algorithms from Modal Specifications},
	Url = {citeseer.ist.psu.edu/steffen93generating.html},
	Volume = {21},
	Year = {1993}}

@inproceedings{fahndrich:sas97,
	Address = {London, United Kingdom},
	Author = {Manuel F{\"{a}}hndrich and Alexander Aiken},
	Booktitle = {SAS '97: Proceedings of the 4th International Symposium on Static Analysis},
	Date-Added = {2005-05-23 14:44:31 -0700},
	Date-Modified = {2005-05-23 14:45:49 -0700},
	Pages = {114--126},
	Publisher = {Springer-Verlag},
	Title = {Program Analysis Using Mixed Term and Set Constraints},
	Year = {1997}}

@article{westbrook:siam89,
	Author = {J. Westbrook and R. E. Tarjan},
	Date-Modified = {2005-05-23 12:42:45 -0700},
	Issn = {0097-5397},
	Journal = {SIAM Journal on Computing},
	Number = {1},
	Pages = {1--11},
	Publisher = {Society for Industrial and Applied Mathematics},
	Title = {Amortized analysis of algorithms for set union with backtracking},
	Volume = {18},
	Year = {1989}}

@inproceedings{gay:pldi01,
	Author = {David Gay and Alexander Aiken},
	Booktitle = {{SIGPLAN} Conference on Programming Language Design and Implementation},
	Date-Modified = {2005-05-23 13:03:31 -0700},
	Pages = {70-80},
	Title = {Language Support for Regions},
	Url = {citeseer.ist.psu.edu/gay01language.html},
	Year = {2001}}

@inproceedings{shapiro:popl97,
	Author = {M. Shapiro and S. Horwitz},
	Booktitle = {Proceedings of the 24th Annual ACM SIGPLAN-SIGACT Symposium on Principles of Programming Languages},
	Date-Modified = {2005-05-23 13:00:40 -0700},
	Month = jan,
	Title = {Fast and Accurate Flow-Insensitive Points-To Analysis},
	Year = 1997}

@inproceedings{das:pldi00,
	Author = {Manuvir Das},
	Booktitle = {{SIGPLAN} Conference on Programming Language Design                   and Implementation},
	Pages = {35-46},
	Title = {Unification-based pointer analysis with directional assignments},
	Url = {citeseer.nj.nec.com/336716.html},
	Year = {2000}}

@article{melski:tcs00,
	Author = {David Melski and Thomas Reps},
	Date-Modified = {2005-05-23 13:03:03 -0700},
	Journal = tcs,
	Pages = {29--98},
	Title = {Interconvertibility of a Class of Set Constraints and Context-Free-Language Reachability},
	Volume = 248,
	Year = 2000}

@inproceedings{choppella:cade03,
	Address = {Miami, Florida, United States},
	Author = {Venkatesh Choppella and Christopher T. Haynes},
	Bibsource = {DBLP, http://dblp.uni-trier.de},
	Booktitle = {19th International Conference on Automated Deduction},
	Date-Modified = {2005-05-23 14:26:02 -0700},
	Editor = {Franz Baader},
	Isbn = {3-540-40559-3},
	Month = {July},
	Pages = {458--472},
	Publisher = {Springer},
	Series = {Lecture Notes in Computer Science},
	Title = {Source-tracking Unification},
	Volume = {2741},
	Year = {2003}}

@inproceedings{rountev:pldi00,
	Author = {Atanas Rountev and Satish Chandra},
	Booktitle = {Proceedings of the ACM SIGPLAN 2000 conference on Programming language design and implementation},
	Date-Modified = {2005-05-23 14:04:09 -0700},
	Doi = {http://doi.acm.org/10.1145/349299.349310},
	Isbn = {1-58113-199-2},
	Location = {Vancouver, British Columbia, Canada},
	Pages = {47--56},
	Publisher = {ACM Press},
	Title = {Off-line Variable Substitution for Scaling Points-to Analysis},
	Year = {2000}}

@inproceedings{acar:popl2002,
	Author = {Umut A. Acar and Guy E. Blelloch and Robert Harper},
	Booktitle = {Proceedings of the 29th ACT SIGPLAN-SIGACT Symposium on Principles of Programming Languages},
	Date-Modified = {2005-05-23 11:51:00 -0700},
	Doi = {http://doi.acm.org/10.1145/503272.503296},
	Isbn = {1-58113-450-9},
	Location = {Portland, Oregon},
	Pages = {247--259},
	Publisher = {ACM Press},
	Title = {Adaptive Functional Programming},
	Year = {2002}}

@inproceedings{lhot:pldi04,
	Author = {Ond\v{r}ej Lhot\'ak and Laurie Hendren},
	Booktitle = {Proceedings of the ACM SIGPLAN 2004 Conference on     Programming Language Design and Implementation},
	Isbn = {1-58113-807-5},
	Location = {Washington, D.C., USA},
	Publisher = {ACM Press},
	Title = {Jedd: A {BDD}-based Relational Extension of {Java}},
	Year = {2004}}

@inproceedings{beyer:crocopat,
	Author = {Dirk Beyer and Andreas Noack and Claus Lewerentz},
	Booktitle = {Proceedings of the 10th Working Conference on Reverse Engineering},
	Date-Modified = {2005-05-23 12:18:03 -0700},
	Isbn = {0-7695-2027-8},
	Pages = {216},
	Publisher = {IEEE Computer Society},
	Title = {Simple and Efficient Relational Querying of Software Structures},
	Year = {2003}}

@inproceedings{demetrescu:focs00,
	Author = {C. Demetrescu and G. F. Italiano},
	Booktitle = {Proceedings of the 41st Annual Symposium on Foundations of Computer Science},
	Date-Modified = {2005-05-23 13:01:09 -0700},
	Isbn = {0-7695-0850-2},
	Pages = {381},
	Publisher = {IEEE Computer Society},
	Title = {Fully Dynamic Transitive Closure: Breaking Through the ${O}(n^2)$ Barrier},
	Year = {2000}}

@inproceedings{roditty:soda2003,
	Author = {Liam Roditty},
	Booktitle = {Proceedings of the Fourteenth Annual ACM-SIAM Symposium on Discrete Algorithms},
	Date-Modified = {2005-05-23 12:32:46 -0700},
	Isbn = {0-89871-538-5},
	Location = {Baltimore, Maryland},
	Pages = {404--412},
	Publisher = {Society for Industrial and Applied Mathematics},
	Title = {A Faster and Simpler Fully Dynamic Transitive Closure},
	Year = {2003}}

@article{galil:ipl91,
	Author = {Zvi Galil and Giuseppe F. Italiano},
	Date-Modified = {2005-05-23 12:35:30 -0700},
	Doi = {http://dx.doi.org/10.1016/0020-0190(91)90151-7},
	Issn = {0020-0190},
	Journal = {Information Processing Letters},
	Number = {6},
	Pages = {331--335},
	Publisher = {Elsevier North-Holland, Inc.},
	Title = {A Note on Set Union with Arbitrary Deunions},
	Volume = {37},
	Year = {1991}}

@article{apostolico:siam94,
	Author = {Alberto Apostolico and Giuseppe F. Italiano and Giorgio Gambosi and Maurizio Talamo},
	Date-Modified = {2005-05-23 12:16:00 -0700},
	Issn = {0097-5397},
	Journal = {SIAM J. Comput.},
	Number = {1},
	Pages = {50--70},
	Publisher = {Society for Industrial and Applied Mathematics},
	Title = {The Set Union Problem with Unlimited Backtracking},
	Volume = {23},
	Year = {1994}}

@conference{driscoll:toc86,
	Author = {James R. Driscoll and Neil Sarnak and Daniel D. Sleator and Robert E. Tarjan},
	Booktitle = {Proceedings of the Eighteenth Annual ACM Symposium on Theory of Computing},
	Date-Added = {2005-05-19 22:10:18 -0700},
	Date-Modified = {2005-05-19 22:15:14 -0700},
	Pages = {109--121},
	Title = {Making Data Structures Persistent},
	Year = {1986}}

@article{hermenegildo:toplas00,
	Author = {Manuel Hermenegildo and German Puebla and Kim Marriott and Peter J. Stuckey},
	Date-Modified = {2005-05-23 13:02:36 -0700},
	Doi = {http://doi.acm.org/10.1145/349214.349216},
	Issn = {0164-0925},
	Journal = {ACM Transactions on Programming Languages and Systems},
	Number = {2},
	Pages = {187--223},
	Publisher = {ACM Press},
	Title = {Incremental Analysis of Constraint Logic Programs},
	Volume = {22},
	Year = {2000}}

@inproceedings{whaley:pldi04,
	Author = {John Whaley and Monica S. Lam},
	Booktitle = {Proceedings of the Conference on Programming Language  Design and Implementation},
	Date-Modified = {2005-05-23 12:50:33 -0700},
	Location = {Washington D.C., USA},
	Month = {June},
	Publisher = {ACM Press},
	Title = {Cloning-Based Context-Sensitive Pointer Alias Analysis Using Binary Decision Diagrams},
	Year = {2004}}

@inproceedings{ramalingam:popl93,
	Author = {G. Ramalingam and Thomas Reps},
	Booktitle = {Proceedings of the 20th ACM SIGPLAN-SIGACT Symposium on Principles of Programming Languages},
	Date-Modified = {2005-05-23 12:32:13 -0700},
	Doi = {http://doi.acm.org/10.1145/158511.158710},
	Isbn = {0-89791-560-7},
	Location = {Charleston, South Carolina, United States},
	Pages = {502--510},
	Publisher = {ACM Press},
	Title = {A Categorized Bibliography on Incremental Computation},
	Year = {1993}}

@inproceedings{berndl:pldi03,
	Author = {Marc Berndl and Ond\v{r}ej Lhot\'ak and Feng Qian and Laurie Hendren and Navindra Umanee},
	Booktitle = {Proceedings of the ACM SIGPLAN 2003 conference on Programming language design and implementation},
	Date-Modified = {2005-05-23 14:07:15 -0700},
	Doi = {http://doi.acm.org/10.1145/781131.781144},
	Isbn = {1-58113-662-5},
	Location = {San Diego, California, USA},
	Pages = {103--114},
	Publisher = {ACM Press},
	Title = {Points-to Analysis Using {BDD}s},
	Year = {2003}}

@inproceedings{aiken:lics92,
	Address = {Santa Cruz, California},
	Author = {Alexander Aiken and Edward L. Wimmers},
	Booktitle = {Proceedings of the Seventh Annual IEEE Symposium on Logic in Computer Science},
	Date-Modified = {2005-05-23 14:21:57 -0700},
	Month = {June},
	Pages = {329--340},
	Title = {Solving Systems of Set Constraints},
	Year = {1992}}

@misc{ragan-kelley:communication,
	Author = {Jonathan Ragan-Kelley},
	Date-Modified = {2005-05-23 12:30:17 -0700},
	Month = {November},
	Title = {Personal communication},
	Year = 2004}

@phdthesis{ragan-kelley:thesis,
	Address = {Department of Computer Science},
	Author = {Jonathan Ragan-Kelley},
	Date-Modified = {2005-05-23 12:23:06 -0700},
	School = {Stanford University},
	Title = {Practical Interactive Lighting Design for RenderMan Scenes},
	Type = {Undergraduate Thesis},
	Year = 2004}

@phdthesis{mossin:thesis,
	Address = {Department of Computer Science},
	Author = {Christian Mossin},
	Date-Modified = {2005-05-23 12:23:57 -0700},
	School = {DIKU},
	Title = {Flow Analysis of Typed Higher-Order Programs},
	Type = {{PhD} Thesis},
	Year = 1996}

@phdthesis{heintze:thesis,
	Address = {Department of Computer Science},
	Author = {Nevin Heintze},
	Date-Modified = {2005-05-23 12:16:45 -0700},
	Month = oct,
	School = {Carnegie Mellon University},
	Title = {Set Based Program Analysis},
	Type = {{PhD} Dissertation},
	Year = {1992}}

@inproceedings{reps:pepm95,
	Author = {Thomas Reps},
	Booktitle = {Proceedings of the 1995 ACM SIGPLAN Symposium on Partial Evaluation and Semantics-based Program Manipulation},
	Date-Modified = {2005-05-23 14:20:48 -0700},
	Doi = {http://doi.acm.org/10.1145/215465.215466},
	Isbn = {0-89791-720-0},
	Location = {La Jolla, California, United States},
	Pages = {1--11},
	Publisher = {ACM Press},
	Title = {Shape Analysis as a Generalized Path Problem},
	Year = {1995}}

@article{ceri:ieee89,
	Author = {S. Ceri and G. Gottlob and L. Tanca},
	Date-Modified = {2005-05-23 12:03:06 -0700},
	Doi = {http://dx.doi.org/10.1109/69.43410},
	Issn = {1041-4347},
	Journal = {IEEE Transactions on Knowledge and Data Engineering},
	Number = {1},
	Pages = {146--166},
	Publisher = {IEEE Educational Activities Department},
	Title = {What You Always Wanted to Know About Datalog (And Never Dared to Ask)},
	Volume = {1},
	Year = {1989}}

@inproceedings{yannakakis:pods90,
	Author = {Mihalis Yannakakis},
	Booktitle = {Proceedings of the Ninth ACM SIGACT-SIGMOD-SIGART Symposium on Principles of Database Systems},
	Date-Modified = {2005-05-23 13:02:11 -0700},
	Doi = {http://doi.acm.org/10.1145/298514.298576},
	Isbn = {0-89791-352-3},
	Location = {Nashville, Tennessee, United States},
	Pages = {230--242},
	Publisher = {ACM Press},
	Title = {Graph-theoretic Methods in Database Theory},
	Year = {1990}}

@article{horwitz:toplas90,
	Author = {Susan Horwitz and Thomas Reps and David Binkley},
	Date-Modified = {2005-05-23 13:03:17 -0700},
	Doi = {http://doi.acm.org/10.1145/77606.77608},
	Issn = {0164-0925},
	Journal = toplas,
	Number = {1},
	Pages = {26--60},
	Publisher = {ACM Press},
	Title = {Interprocedural Slicing Using Dependence Graphs},
	Volume = {12},
	Year = {1990}}

@inproceedings{shankar:usenixsec01,
	Address = {Washington, D.C.},
	Author = {Umesh Shankar and Kunal Talwar and Jeffrey S. Foster                   and David Wagner},
	Booktitle = {Proceedings of the 10th Usenix Security Symposium},
	Date-Modified = {2005-05-23 12:55:02 -0700},
	Month = {August},
	Title = {Detecting Format String Vulnerabilities with Type Qualifiers},
	Year = {2001}}

@inproceedings{foster:pldi99,
	Address = {Atlanta, Georgia},
	Author = {Jeffrey S. Foster and Manuel F{\"{a}}hndrich and Alexander Aiken},
	Booktitle = {Proceedings of the 1999 ACM SIGPLAN Conference on Programming Language Design and Implementation},
	Date-Modified = {2005-05-23 12:38:26 -0700},
	Month = {May},
	Pages = {192--203},
	Title = {A Theory of Type Qualifiers},
	Year = {1999}}

@inproceedings{melski:pepm97,
	Author = {David Melski and Thomas Reps},
	Booktitle = {Proceedings of the 1997 ACM SIGPLAN Symposium on Partial Evaluation and Semantics-based Program Manipulation},
	Date-Modified = {2005-05-23 12:31:22 -0700},
	Doi = {http://doi.acm.org/10.1145/258993.259006},
	Isbn = {0-89791-917-3},
	Location = {Amsterdam, The Netherlands},
	Pages = {74--89},
	Publisher = {ACM Press},
	Title = {Interconvertbility of Set Constraints and Context-Free Language Reachability},
	Year = {1997}}

@inproceedings{das:sas01,
	Address = {Paris, France},
	Author = {Manuvir Das and Ben Liblit and Manuel F\"ahndrich                   and Jakob Rehof},
	Booktitle = {SAS '01: The 8th International Static Analysis Symposium},
	Date-Modified = {2005-05-23 12:59:26 -0700},
	Month = {July 16--18},
	Publisher = {Springer-Verlag},
	Series = {Lecture Notes in Computer Science},
	Title = {Estimating the Impact of Scalable Pointer Analysis on Optimization},
	Year = {2001}}

@article{mcallester:jacm,
	Author = {David McAllester},
	Date-Modified = {2005-05-23 14:06:03 -0700},
	Doi = {http://doi.acm.org/10.1145/581771.581774},
	Issn = {0004-5411},
	Journal = {Journal of the ACM},
	Number = {4},
	Pages = {512--537},
	Publisher = {ACM Press},
	Title = {On the Complexity Analysis of Static Analyses},
	Volume = {49},
	Year = {2002}}

@book{abadi:theory-of-objects,
	Address = {Secaucus, NJ, USA},
	Author = {Martin Abadi and Luca Cardelli},
	Date-Modified = {2005-05-23 12:37:07 -0700},
	Publisher = {Springer-Verlag New York, Inc.},
	Title = {A Theory of Objects},
	Year = 1996}

@inproceedings{aiken:tic98,
	Author = {A. Aiken and M. F\"{a}hndrich and J. Foster and Z. Su},
	Booktitle = {Proceedings of the Second International Workshop on Types in Compilation (TIC'98)},
	Date-Modified = {2005-05-23 12:40:45 -0700},
	Title = {A Toolkit for Constructing Type- and Constraint-Based Program Analyses},
	Year = 1998}

@inproceedings{steensgaard:popl96,
	Author = {B. Steensgaard},
	Booktitle = {Proceedings of the 23th Annual ACM SIGPLAN-SIGACT Symposium on Principles of Programming Languages},
	Date-Modified = {2005-05-23 14:07:00 -0700},
	Month = jan,
	Pages = {32-41},
	Title = {Points-to Analysis in Almost Linear Time},
	Year = 1996}

@phdthesis{fahndrich:thesis,
	Address = {Department of Computer Science},
	Author = {M. F\"{a}hndrich},
	Date-Modified = {2005-05-23 12:24:23 -0700},
	School = {University of California, Berkeley},
	Title = {BANE: A Library for Scalable Constraint-Based Program Analysis},
	Type = {{PhD} Dissertation},
	Year = {1999}}

@inproceedings{fahndrich:pldi98,
	Address = {Montreal, Canada},
	Author = {Manuel F\"{a}hndrich and Jefrrey S. Foster and Zhendong Su and Alexander Aiken},
	Booktitle = {Proceedings of the 1998 ACM SIGPLAN Conference on Programming Language Design and Implementation},
	Date-Modified = {2005-05-23 14:05:38 -0700},
	Month = {June},
	Pages = {85--96},
	Title = {Partial Online Cycle Elimination in Inclusion Constraint Graphs},
	Year = {1998}}

@inproceedings{su:popl00,
	Author = {Zhendong Su and Manuel F\"ahndrich and Alexander Aiken},
	Booktitle = {Proceedings of the 27th ACM SIGPLAN-SIGACT Symposium on Principles of Programming Languages},
	Date-Modified = {2005-05-23 12:18:31 -0700},
	Doi = {http://doi.acm.org/10.1145/325694.325706},
	Isbn = {1-58113-125-9},
	Location = {Boston, MA, USA},
	Pages = {81--95},
	Publisher = {ACM Press},
	Title = {Projection Merging: Reducing Redundancies in Inclusion Constraint Graphs},
	Year = {2000}}

@inproceedings{horwitz:fse95,
	Author = {Susan Horwitz and Thomas Reps and Mooly Sagiv},
	Booktitle = {Proceedings of the 3rd ACM SIGSOFT Symposium on Foundations of Software Engineering},
	Date-Modified = {2005-05-23 12:50:50 -0700},
	Doi = {http://doi.acm.org/10.1145/222124.222146},
	Isbn = {0-89791-716-2},
	Location = {Washington, D.C., United States},
	Pages = {104--115},
	Publisher = {ACM Press},
	Title = {Demand Interprocedural Dataflow Analysis},
	Year = {1995}}

@inproceedings{reps:ist98,
	Author = {Thomas Reps},
	Booktitle = {Information and Software Technology},
	Date-Modified = {2005-05-23 12:18:44 -0700},
	Pages = {701-726},
	Title = {Program Analysis Via Graph Reachability},
	Year = {1998}}

@inproceedings{reps:popl95,
	Address = {San Francisco, California},
	Author = {Thomas Reps and Susan Horwitz and Mooly Sagiv},
	Booktitle = {Proceedings of the 22nd Annual ACM SIGPLAN-SIGACT Symposium on Principles of Programming Languages},
	Date-Modified = {2005-05-23 14:32:25 -0700},
	Month = {January},
	Pages = {49--61},
	Title = {Precise Interprocedural Dataflow Analysis via Graph Reachability},
	Year = {1995}}

@inproceedings{heintze:pldi01,
	Author = {Nevin Heintze and Olivier Tardieu},
	Booktitle = {{SIGPLAN} Conference on Programming Language Design and Implementation},
	Date-Modified = {2005-05-23 12:03:18 -0700},
	Pages = {254-263},
	Title = {Ultra-fast Aliasing Analysis Using {CLA}: A Million Lines of C Code in a Second},
	Year = {2001}}

@inproceedings{heintze:pldi01b,
	Author = {Nevin Heintze and Olivier Tardieu},
	Booktitle = {{SIGPLAN} Conference on Programming Language Design and Implementation},
	Date-Modified = {2005-05-23 12:52:41 -0700},
	Pages = {24-34},
	Title = {Demand-driven Pointer Analysis},
	Year = {2001}}

@inproceedings{rehof:popl01,
	Address = {London, United Kingdom},
	Author = {Jakob Rehof and Manuel F{\"{a}}hndrich},
	Booktitle = {Proceedings of the 28th Annual ACM SIGPLAN-SIGACT Symposium on Principles of Programming Languages},
	Date-Modified = {2005-05-23 14:28:32 -0700},
	Month = {January},
	Pages = {54--66},
	Title = {Type-Based Flow Analysis: From Polymorphic Subtyping to {CFL}-Reachability},
	Year = {2001}}

@inproceedings{kodumal:pldi04,
	Author = {John Kodumal and Alex Aiken},
	Booktitle = {Proceedings of the ACM SIGPLAN 2004 Conference on Programming Language Design and Implementation},
	Date-Modified = {2005-05-23 14:27:55 -0700},
	Doi = {http://doi.acm.org/10.1145/996841.996867},
	Isbn = {1-58113-807-5},
	Location = {Washington DC, USA},
	Pages = {207--218},
	Publisher = {ACM Press},
	Title = {The Set Constraint/{CFL} Reachability Connection in Practice},
	Year = {2004}}

@webpage{kodumal:banshee,
	Author = {John Kodumal},
	Date-Modified = {2005-05-23 12:52:21 -0700},
	Title = {BANSHEE: A Toolkit for Constructing Constraint-based Analyses. {http://banshee.sourceforge.net}},
	Url = {http://banshee.sourceforge.net},
	Year = 2005}

@url{sayeed:proshee,
	Author = {Asad Sayeed},
	Date-Modified = {2005-05-23 14:09:11 -0700},
	Title = {Proshee. {http://proshee.sourceforge.net}},
	Url = {http://proshee.sourceforge.net},
	Year = 2005}